% ------------------------------------------------------------------------
% SAMPLE BIBLIOGRAPHY FILE
% ------------------------------------------------------------------------
@article{ravi2015survey,
  title={A survey on opinion mining and sentiment analysis: tasks, approaches and applications},
  author={Ravi, Kumar and Ravi, Vadlamani},
  journal={Knowledge-based systems},
  volume={89},
  pages={14--46},
  year={2015},
  publisher={Elsevier}
}

@article{article,
author = {Nakamoto, Satoshi},
year = {2009},
month = {03},
pages = {},
title = {Bitcoin: A Peer-to-Peer Electronic Cash System},
journal = {Cryptography Mailing list at https://metzdowd.com}
}
@article{GANDAL201886,
title = {Price manipulation in the Bitcoin ecosystem},
journal = {Journal of Monetary Economics},
volume = {95},
pages = {86-96},
year = {2018},
issn = {0304-3932},
doi = {https://doi.org/10.1016/j.jmoneco.2017.12.004},
url = {https://www.sciencedirect.com/science/article/pii/S0304393217301666},
author = {Neil Gandal and JT Hamrick and Tyler Moore and Tali Oberman},
keywords = {Bitcoin, Cryptocurrencies, Fraud, Exchange rate manipulation},
}
@article{smith2016predictive,
  title={Predictive modeling for financial markets: Traditional versus machine learning methods},
  author={Smith, J.},
  journal={Journal of Financial Economics},
  volume={56},
  number={2},
  pages={456--471},
  year={2016}
}
@book{brownlee2018introduction,
  title={Introduction to Machine Learning for Time Series Forecasting},
  author={Brownlee, J.},
  year={2018},
  publisher={Machine Learning Mastery}
}
@article{johnson2020deep,
  title={Deep Learning versus Ensemble Learning for Financial Forecasting: An empirical assessment},
  author={Johnson, M. and Zhang, T.},
  journal={Journal of Computational Finance},
  volume={24},
  number={3},
  pages={45--65},
  year={2020}
}

@book{10.5555/3203489,
author = {Chollet, Francois},
title = {Deep Learning with Python},
year = {2017},
isbn = {1617294438},
publisher = {Manning Publications Co.},
address = {USA},
edition = {1st},
}
@book{Goodfellow-et-al-2016,
    title={Deep Learning},
    author={Ian Goodfellow and Yoshua Bengio and Aaron Courville},
    publisher={MIT Press},
    note={\url{http://www.deeplearningbook.org}},
    year={2016}
}
@article{liaw2002classification,
  title={Classification and regression by randomForest},
  author={Liaw, Andy and Wiener, Matthew and others},
  journal={R news},
  volume={2},
  number={3},
  pages={18--22},
  year={2002}
}
@article{BARIVIERA20171,
title = {The inefficiency of Bitcoin revisited: A dynamic approach},
journal = {Economics Letters},
volume = {161},
pages = {1-4},
year = {2017},
issn = {0165-1765},
doi = {https://doi.org/10.1016/j.econlet.2017.09.013},
url = {https://www.sciencedirect.com/science/article/pii/S0165176517303804},
author = {Aurelio F. Bariviera},
keywords = {Bitcoin, Long range dependence, Volatility, Hurst exponent},
}
@article{breiman_random_2001,
	title = {Random {Forests}},
	volume = {45},
	issn = {1573-0565},
	url = {https://doi.org/10.1023/A:1010933404324},
	doi = {10.1023/A:1010933404324},
	number = {1},
	journal = {Machine Learning},
	author = {Breiman, Leo},
	month = oct,
	year = {2001},
	pages = {5--32},
}
@book{DBLP:books/lib/HastieTF09,
  author       = {Trevor Hastie and
                  Robert Tibshirani and
                  Jerome H. Friedman},
  title        = {The Elements of Statistical Learning: Data Mining, Inference, and
                  Prediction, 2nd Edition},
  series       = {Springer Series in Statistics},
  publisher    = {Springer},
  year         = {2009},
  url          = {https://doi.org/10.1007/978-0-387-84858-7},
  doi          = {10.1007/978-0-387-84858-7},
  isbn         = {9780387848570},
  timestamp    = {Fri, 17 Jul 2020 16:12:43 +0200},
  biburl       = {https://dblp.org/rec/books/lib/HastieTF09.bib},
  bibsource    = {dblp computer science bibliography, https://dblp.org}
}
@book{alma9924678548402466,
title = {Social sciences -- Research},
language = {eng},
publisher = {Oxford University Press},
year = {2016},
author = {Bryman, Alan},
address = {Oxford},
booktitle = {Social research methods},
edition = {Fifth edition.},
isbn = {9780192529497},
}
@article{Hochreiter1997LongSM,
  title={Long Short-Term Memory},
  author={Sepp Hochreiter and J{\"u}rgen Schmidhuber},
  journal={Neural Computation},
  year={1997},
  volume={9},
  pages={1735-1780},
  url={https://api.semanticscholar.org/CorpusID:1915014}
}



% ------------------------------------------------------------------------
@inproceedings{DBLP:conf/ecis/GlaserZHW14,
  author       = {Florian Glaser and
                  Kai Zimmermann and
                  Martin Haferkorn and
                  Moritz C. Weber},
  editor       = {Michel Avital and
                  Jan Marco Leimeister and
                  Ulrike Schultze},
  title        = {Bitcoin - Asset or Currency? Revealing Users' Hidden Intentions},
  booktitle    = {22st European Conference on Information Systems, {ECIS} 2014, Tel
                  Aviv, Israel, June 9-11, 2014},
  year         = {2014},
  url          = {http://aisel.aisnet.org/ecis2014/proceedings/track10/15},
  timestamp    = {Mon, 30 Jun 2014 19:17:30 +0200},
  biburl       = {https://dblp.org/rec/conf/ecis/GlaserZHW14.bib},
  bibsource    = {dblp computer science bibliography, https://dblp.org}
}
@article{DBLP:journals/ijecommerce/PolasikPWKL15,
  author       = {Michal Polasik and
                  Anna Iwona Piotrowska and
                  Tomasz Piotr Wisniewski and
                  Radoslaw Kotkowski and
                  Geoffrey Lightfoot},
  title        = {Price Fluctuations and the Use of Bitcoin: An Empirical Inquiry},
  journal      = {Int. J. Electron. Commer.},
  volume       = {20},
  number       = {1},
  pages        = {9--49},
  year         = {2015},
  url          = {https://doi.org/10.1080/10864415.2016.1061413},
  doi          = {10.1080/10864415.2016.1061413},
  timestamp    = {Fri, 07 Jul 2023 23:32:43 +0200},
  biburl       = {https://dblp.org/rec/journals/ijecommerce/PolasikPWKL15.bib},
  bibsource    = {dblp computer science bibliography, https://dblp.org}
}
@article{feng_informed_2018,
	title = {Informed trading in the {Bitcoin} market},
	volume = {26},
	issn = {1544-6123},
	url = {https://www.sciencedirect.com/science/article/pii/S1544612317306992},
	doi = {10.1016/j.frl.2017.11.009},
	journal = {Finance Research Letters},
	author = {Feng, Wenjun and Wang, Yiming and Zhang, Zhengjun},
	month = sep,
	year = {2018},
	keywords = {Bitcoin, Cryptocurrency, Informed trading},
	pages = {63--70},
}
@article{easley_mining_2019,
	title = {From mining to markets: {The} evolution of bitcoin transaction fees},
	volume = {134},
	issn = {0304-405X},
	url = {https://www.sciencedirect.com/science/article/pii/S0304405X19300583},
	doi = {https://doi.org/10.1016/j.jfineco.2019.03.004},
	number = {1},
	journal = {Journal of Financial Economics},
	author = {Easley, David and O'Hara, Maureen and Basu, Soumya},
	year = {2019},
	keywords = {Bitcoin, Blockchain, Market microstructure, Transaction fees},
	pages = {91--109},
}
@article{urquhart_inefficiency_2016,
	title = {The inefficiency of {Bitcoin}},
	volume = {148},
	issn = {0165-1765},
	url = {https://www.sciencedirect.com/science/article/pii/S0165176516303640},
	doi = {https://doi.org/10.1016/j.econlet.2016.09.019},
	journal = {Economics Letters},
	author = {Urquhart, Andrew},
	year = {2016},
	keywords = {Bitcoin, Cryptocurrency, Market efficiency, Random walk},
	pages = {80--82},
}
@article{bouri_hedge_2017,
	title = {On the hedge and safe haven properties of {Bitcoin}: {Is} it really more than a diversifier?},
	volume = {20},
	issn = {1544-6123},
	url = {https://www.sciencedirect.com/science/article/pii/S1544612316301817},
	doi = {https://doi.org/10.1016/j.frl.2016.09.025},
	journal = {Finance Research Letters},
	author = {Bouri, Elie and Moln√°r, Peter and Azzi, Georges and Roubaud, David and Hagfors, Lars Ivar},
	year = {2017},
	keywords = {Bitcoin, Cryptocurrency, DCC, Diversifier, Hedge, Safe haven},
	pages = {192--198},
}
@article{DBLP:journals/cacm/TreleavenGL13,
  author       = {Philip C. Treleaven and
                  Michal Galas and
                  Vidhi Lalchand},
  title        = {Algorithmic trading review},
  journal      = {Commun. {ACM}},
  volume       = {56},
  number       = {11},
  pages        = {76--85},
  year         = {2013},
  url          = {https://doi.org/10.1145/2500117},
  doi          = {10.1145/2500117},
  timestamp    = {Tue, 06 Nov 2018 12:51:36 +0100},
  biburl       = {https://dblp.org/rec/journals/cacm/TreleavenGL13.bib},
  bibsource    = {dblp computer science bibliography, https://dblp.org}
}
@article{DBLP:journals/eor/LessmannBST15,
  author       = {Stefan Lessmann and
                  Bart Baesens and
                  Hsin{-}Vonn Seow and
                  Lyn C. Thomas},
  title        = {Benchmarking state-of-the-art classification algorithms for credit
                  scoring: An update of research},
  journal      = {Eur. J. Oper. Res.},
  volume       = {247},
  number       = {1},
  pages        = {124--136},
  year         = {2015},
  url          = {https://doi.org/10.1016/j.ejor.2015.05.030},
  doi          = {10.1016/j.ejor.2015.05.030},
  timestamp    = {Fri, 21 Feb 2020 13:19:39 +0100},
  biburl       = {https://dblp.org/rec/journals/eor/LessmannBST15.bib},
  bibsource    = {dblp computer science bibliography, https://dblp.org}
}
@article{10.1214/ss/1042727940,
author = {Richard J. Bolton and David J. Hand},
title = {{Statistical Fraud Detection: A Review}},
volume = {17},
journal = {Statistical Science},
number = {3},
publisher = {Institute of Mathematical Statistics},
pages = {235 -- 255},
keywords = {computer intrusion, credit cards, e-commerce, Fraud detection, fraud prevention, machine learning, money laundering, statistics, telecommunications},
year = {2002},
doi = {10.1214/ss/1042727940},
URL = {https://doi.org/10.1214/ss/1042727940}
}
@article{DBLP:journals/eswa/YehYT09,
  author       = {I{-}Cheng Yeh and
                  King{-}Jang Yang and
                  Tao{-}Ming Ting},
  title        = {Knowledge discovery on {RFM} model using Bernoulli sequence},
  journal      = {Expert Syst. Appl.},
  volume       = {36},
  number       = {3},
  pages        = {5866--5871},
  year         = {2009},
  url          = {https://doi.org/10.1016/j.eswa.2008.07.018},
  doi          = {10.1016/j.eswa.2008.07.018},
  timestamp    = {Fri, 17 Jul 2020 11:38:53 +0200},
  biburl       = {https://dblp.org/rec/journals/eswa/YehYT09.bib},
  bibsource    = {dblp computer science bibliography, https://dblp.org}
}
@article{DBLP:journals/mansci/BaesensSMV03,
  author       = {Bart Baesens and
                  Rudy Setiono and
                  Christophe Mues and
                  Jan Vanthienen},
  title        = {Using Neural Network Rule Extraction and Decision Tables for Credit
                  - Risk Evaluation},
  journal      = {Manag. Sci.},
  volume       = {49},
  number       = {3},
  pages        = {312--329},
  year         = {2003},
  url          = {https://doi.org/10.1287/mnsc.49.3.312.12739},
  doi          = {10.1287/mnsc.49.3.312.12739},
  timestamp    = {Fri, 09 Apr 2021 18:22:41 +0200},
  biburl       = {https://dblp.org/rec/journals/mansci/BaesensSMV03.bib},
  bibsource    = {dblp computer science bibliography, https://dblp.org}
}
@inproceedings{DBLP:conf/kdd/Ribeiro0G16,
  author       = {Marco T{\'{u}}lio Ribeiro and
                  Sameer Singh and
                  Carlos Guestrin},
  editor       = {Balaji Krishnapuram and
                  Mohak Shah and
                  Alexander J. Smola and
                  Charu C. Aggarwal and
                  Dou Shen and
                  Rajeev Rastogi},
  title        = {"Why Should {I} Trust You?": Explaining the Predictions of Any Classifier},
  booktitle    = {Proceedings of the 22nd {ACM} {SIGKDD} International Conference on
                  Knowledge Discovery and Data Mining, San Francisco, CA, USA, August
                  13-17, 2016},
  pages        = {1135--1144},
  publisher    = {{ACM}},
  year         = {2016},
  url          = {https://doi.org/10.1145/2939672.2939778},
  doi          = {10.1145/2939672.2939778},
  timestamp    = {Fri, 25 Dec 2020 01:14:16 +0100},
  biburl       = {https://dblp.org/rec/conf/kdd/Ribeiro0G16.bib},
  bibsource    = {dblp computer science bibliography, https://dblp.org}
}
@article{DBLP:journals/jcisd/HawkinsBM03,
  author       = {Douglas M. Hawkins and
                  Subhash C. Basak and
                  Denise R. Mills},
  title        = {Assessing Model Fit by Cross-Validation},
  journal      = {J. Chem. Inf. Comput. Sci.},
  volume       = {43},
  number       = {2},
  pages        = {579--586},
  year         = {2003},
  url          = {https://doi.org/10.1021/ci025626i},
  doi          = {10.1021/ci025626i},
  timestamp    = {Thu, 14 May 2020 22:26:58 +0200},
  biburl       = {https://dblp.org/rec/journals/jcisd/HawkinsBM03.bib},
  bibsource    = {dblp computer science bibliography, https://dblp.org}
}
@article{DBLP:journals/jmis/WangS96,
  author       = {Richard Y. Wang and
                  Diane M. Strong},
  title        = {Beyond Accuracy: What Data Quality Means to Data Consumers},
  journal      = {J. Manag. Inf. Syst.},
  volume       = {12},
  number       = {4},
  pages        = {5--33},
  year         = {1996},
  url          = {https://doi.org/10.1080/07421222.1996.11518099},
  doi          = {10.1080/07421222.1996.11518099},
  timestamp    = {Tue, 16 Aug 2022 23:04:55 +0200},
  biburl       = {https://dblp.org/rec/journals/jmis/WangS96.bib},
  bibsource    = {dblp computer science bibliography, https://dblp.org}
}
@article{goldstein_investor_2017,
	title = {Investor flows and fragility in corporate bond funds},
	volume = {126},
	issn = {0304-405X},
	url = {https://www.sciencedirect.com/science/article/pii/S0304405X17302325},
	doi = {https://doi.org/10.1016/j.jfineco.2016.11.007},
	number = {3},
	journal = {Journal of Financial Economics},
	author = {Goldstein, Itay and Jiang, Hao and Ng, David T.},
	year = {2017},
	keywords = {Bond funds, Financial fragility, Payoff complementarities},
	pages = {592--613},
}
@misc{doshivelez2017rigorous,
      title={Towards A Rigorous Science of Interpretable Machine Learning}, 
      author={Finale Doshi-Velez and Been Kim},
      year={2017},
      eprint={1702.08608},
      archivePrefix={arXiv},
      primaryClass={stat.ML}
}
@inproceedings{10.1145/1015330.1015435,
author = {Ng, Andrew Y.},
title = {Feature Selection, L1 vs. L2 Regularization, and Rotational Invariance},
year = {2004},
isbn = {1581138385},
publisher = {Association for Computing Machinery},
address = {New York, NY, USA},
url = {https://doi.org/10.1145/1015330.1015435},
doi = {10.1145/1015330.1015435},
booktitle = {Proceedings of the Twenty-First International Conference on Machine Learning},
pages = {78},
location = {Banff, Alberta, Canada},
series = {ICML '04}
}



@article{4a848dd1-54e3-3c3c-83c3-04977ded2e71,
 ISSN = {00905364},
 URL = {http://www.jstor.org/stable/2699986},
 author = {Jerome H. Friedman},
 journal = {The Annals of Statistics},
 number = {5},
 pages = {1189--1232},
 publisher = {Institute of Mathematical Statistics},
 title = {Greedy Function Approximation: A Gradient Boosting Machine},
 urldate = {2023-08-16},
 volume = {29},
 year = {2001}
}
@inproceedings{DBLP:conf/icml/FreundS96,
  author       = {Yoav Freund and
                  Robert E. Schapire},
  editor       = {Lorenza Saitta},
  title        = {Experiments with a New Boosting Algorithm},
  booktitle    = {Machine Learning, Proceedings of the Thirteenth International Conference
                  {(ICML} '96), Bari, Italy, July 3-6, 1996},
  pages        = {148--156},
  publisher    = {Morgan Kaufmann},
  year         = {1996},
  timestamp    = {Fri, 23 Dec 2011 14:54:21 +0100},
  biburl       = {https://dblp.org/rec/conf/icml/FreundS96.bib},
  bibsource    = {dblp computer science bibliography, https://dblp.org}
}
@inproceedings{DBLP:conf/kdd/ChenG16,
  author       = {Tianqi Chen and
                  Carlos Guestrin},
  editor       = {Balaji Krishnapuram and
                  Mohak Shah and
                  Alexander J. Smola and
                  Charu C. Aggarwal and
                  Dou Shen and
                  Rajeev Rastogi},
  title        = {XGBoost: {A} Scalable Tree Boosting System},
  booktitle    = {Proceedings of the 22nd {ACM} {SIGKDD} International Conference on
                  Knowledge Discovery and Data Mining, San Francisco, CA, USA, August
                  13-17, 2016},
  pages        = {785--794},
  publisher    = {{ACM}},
  year         = {2016},
  url          = {https://doi.org/10.1145/2939672.2939785},
  doi          = {10.1145/2939672.2939785},
  timestamp    = {Sat, 17 Dec 2022 01:15:30 +0100},
  biburl       = {https://dblp.org/rec/conf/kdd/ChenG16.bib},
  bibsource    = {dblp computer science bibliography, https://dblp.org}
}
@article{M2015ARO,
  title={A Review On Evaluation Metrics For Data Classification Evaluations},
  author={H. M. and Sulaiman M.N},
  journal={International Journal of Data Mining \& Knowledge Management Process},
  year={2015},
  volume={5},
  pages={01-11},
  url={https://api.semanticscholar.org/CorpusID:61877559}
}
@article{DBLP:journals/corr/abs-2010-16061,
  author       = {David M. W. Powers},
  title        = {Evaluation: from precision, recall and F-measure to ROC, informedness,
                  markedness and correlation},
  journal      = {CoRR},
  volume       = {abs/2010.16061},
  year         = {2020},
  url          = {https://arxiv.org/abs/2010.16061},
  eprinttype    = {arXiv},
  eprint       = {2010.16061},
  timestamp    = {Tue, 03 Nov 2020 11:44:23 +0100},
  biburl       = {https://dblp.org/rec/journals/corr/abs-2010-16061.bib},
  bibsource    = {dblp computer science bibliography, https://dblp.org}
}
@article{DBLP:journals/ipm/SokolovaL09,
  author       = {Marina Sokolova and
                  Guy Lapalme},
  title        = {A systematic analysis of performance measures for classification tasks},
  journal      = {Inf. Process. Manag.},
  volume       = {45},
  number       = {4},
  pages        = {427--437},
  year         = {2009},
  url          = {https://doi.org/10.1016/j.ipm.2009.03.002},
  doi          = {10.1016/j.ipm.2009.03.002},
  timestamp    = {Fri, 21 Feb 2020 13:11:20 +0100},
  biburl       = {https://dblp.org/rec/journals/ipm/SokolovaL09.bib},
  bibsource    = {dblp computer science bibliography, https://dblp.org}
}
@inproceedings{DBLP:conf/nips/SutskeverVL14,
  author       = {Ilya Sutskever and
                  Oriol Vinyals and
                  Quoc V. Le},
  editor       = {Zoubin Ghahramani and
                  Max Welling and
                  Corinna Cortes and
                  Neil D. Lawrence and
                  Kilian Q. Weinberger},
  title        = {Sequence to Sequence Learning with Neural Networks},
  booktitle    = {Advances in Neural Information Processing Systems 27: Annual Conference
                  on Neural Information Processing Systems 2014, December 8-13 2014,
                  Montreal, Quebec, Canada},
  pages        = {3104--3112},
  year         = {2014},
  url          = {https://proceedings.neurips.cc/paper/2014/hash/a14ac55a4f27472c5d894ec1c3c743d2-Abstract.html},
  timestamp    = {Mon, 16 May 2022 15:41:51 +0200},
  biburl       = {https://dblp.org/rec/conf/nips/SutskeverVL14.bib},
  bibsource    = {dblp computer science bibliography, https://dblp.org}
}
@article{DBLP:journals/corr/ChungGCB14,
  author       = {Junyoung Chung and
                  {\c{C}}aglar G{\"{u}}l{\c{c}}ehre and
                  KyungHyun Cho and
                  Yoshua Bengio},
  title        = {Empirical Evaluation of Gated Recurrent Neural Networks on Sequence
                  Modeling},
  journal      = {CoRR},
  volume       = {abs/1412.3555},
  year         = {2014},
  url          = {http://arxiv.org/abs/1412.3555},
  eprinttype    = {arXiv},
  eprint       = {1412.3555},
  timestamp    = {Mon, 13 Aug 2018 16:47:38 +0200},
  biburl       = {https://dblp.org/rec/journals/corr/ChungGCB14.bib},
  bibsource    = {dblp computer science bibliography, https://dblp.org}
}
@article{DBLP:journals/neco/GersSC00,
  author       = {Felix A. Gers and
                  J{\"{u}}rgen Schmidhuber and
                  Fred A. Cummins},
  title        = {Learning to Forget: Continual Prediction with {LSTM}},
  journal      = {Neural Comput.},
  volume       = {12},
  number       = {10},
  pages        = {2451--2471},
  year         = {2000},
  url          = {https://doi.org/10.1162/089976600300015015},
  doi          = {10.1162/089976600300015015},
  timestamp    = {Tue, 01 Sep 2020 13:11:47 +0200},
  biburl       = {https://dblp.org/rec/journals/neco/GersSC00.bib},
  bibsource    = {dblp computer science bibliography, https://dblp.org}
}
@article{DBLP:journals/nature/MnihKSRVBGRFOPB15,
  author       = {Volodymyr Mnih and
                  Koray Kavukcuoglu and
                  David Silver and
                  Andrei A. Rusu and
                  Joel Veness and
                  Marc G. Bellemare and
                  Alex Graves and
                  Martin A. Riedmiller and
                  Andreas Fidjeland and
                  Georg Ostrovski and
                  Stig Petersen and
                  Charles Beattie and
                  Amir Sadik and
                  Ioannis Antonoglou and
                  Helen King and
                  Dharshan Kumaran and
                  Daan Wierstra and
                  Shane Legg and
                  Demis Hassabis},
  title        = {Human-level control through deep reinforcement learning},
  journal      = {Nat.},
  volume       = {518},
  number       = {7540},
  pages        = {529--533},
  year         = {2015},
  url          = {https://doi.org/10.1038/nature14236},
  doi          = {10.1038/nature14236},
  timestamp    = {Mon, 08 Jun 2020 22:21:32 +0200},
  biburl       = {https://dblp.org/rec/journals/nature/MnihKSRVBGRFOPB15.bib},
  bibsource    = {dblp computer science bibliography, https://dblp.org}
}
@article{DBLP:journals/corr/abs-1810-04805,
  author       = {Jacob Devlin and
                  Ming{-}Wei Chang and
                  Kenton Lee and
                  Kristina Toutanova},
  title        = {{BERT:} Pre-training of Deep Bidirectional Transformers for Language
                  Understanding},
  journal      = {CoRR},
  volume       = {abs/1810.04805},
  year         = {2018},
  url          = {http://arxiv.org/abs/1810.04805},
  eprinttype    = {arXiv},
  eprint       = {1810.04805},
  timestamp    = {Tue, 30 Oct 2018 20:39:56 +0100},
  biburl       = {https://dblp.org/rec/journals/corr/abs-1810-04805.bib},
  bibsource    = {dblp computer science bibliography, https://dblp.org}
}
@article{DBLP:journals/corr/AbadiABBCCCDDDG16,
  author       = {Mart{\'{\i}}n Abadi and
                  Ashish Agarwal and
                 
                  
                  Xiaoqiang Zheng},
  title        = {TensorFlow: Large-Scale Machine Learning on Heterogeneous Distributed
                  Systems},
  journal      = {CoRR},
  volume       = {abs/1603.04467},
  year         = {2016},
  url          = {http://arxiv.org/abs/1603.04467},
  eprinttype    = {arXiv},
  eprint       = {1603.04467},
  timestamp    = {Mon, 13 Aug 2018 16:47:09 +0200},
  biburl       = {https://dblp.org/rec/journals/corr/AbadiABBCCCDDDG16.bib},
  bibsource    = {dblp computer science bibliography, https://dblp.org}
}
@article{DBLP:journals/corr/abs-1912-01703,
  author       = {Adam Paszke and
                  Sam Gross and
                  Francisco Massa and
                  Adam Lerer and
                  James Bradbury and
                  Gregory Chanan and
                  Trevor Killeen and
                  Zeming Lin and
                  Natalia Gimelshein and
                  Luca Antiga and
                  Alban Desmaison and
                  Andreas K{\"{o}}pf and
                  Edward Z. Yang and
                  Zach DeVito and
                  Martin Raison and
                  Alykhan Tejani and
                  Sasank Chilamkurthy and
                  Benoit Steiner and
                  Lu Fang and
                  Junjie Bai and
                  Soumith Chintala},
  title        = {PyTorch: An Imperative Style, High-Performance Deep Learning Library},
  journal      = {CoRR},
  volume       = {abs/1912.01703},
  year         = {2019},
  url          = {http://arxiv.org/abs/1912.01703},
  eprinttype    = {arXiv},
  eprint       = {1912.01703},
  timestamp    = {Tue, 02 Nov 2021 15:18:32 +0100},
  biburl       = {https://dblp.org/rec/journals/corr/abs-1912-01703.bib},
  bibsource    = {dblp computer science bibliography, https://dblp.org}
}



@article{9f5faea9a4884eff9665c32105db424f,
title = "The accuracy of extrapolation (time series) methods: Results of a forecasting competition",
author = "S. Makridakis and A. Andersen and R. Carbone and R. Fildes and M. Hibon and R. Lewandowski and J. Newton and E. Parzen and R. Winkler",
year = "1982",
month = jan,
day = "1",
doi = "10.1002/for.3980010202",
language = "English",
volume = "1",
pages = "111--153",
journal = "Journal of Forecasting",
issn = "0277-6693",
publisher = "John Wiley and Sons Ltd",
number = "2",
}
@article{doi:10.1080/07350015.1995.10524599,
author = { Francis X.   Diebold  and  Roberto S.   Mariano },
title = {Comparing Predictive Accuracy},
journal = {Journal of Business \& Economic Statistics},
volume = {13},
number = {3},
pages = {253-263},
year  = {1995},
publisher = {Taylor & Francis},
doi = {10.1080/07350015.1995.10524599},

URL = { 
    
    
        https://www.tandfonline.com/doi/abs/10.1080/07350015.1995.10524599
    

},
eprint = { 
    
    
        https://www.tandfonline.com/doi/pdf/10.1080/07350015.1995.10524599
    

}

}
@article{26d24c7c-b91e-306e-b000-d5246fb6c3cb,
 ISSN = {00221082, 15406261},
 URL = {http://www.jstor.org/stable/222522},
 author = {Brad M. Barber and Terrance Odean},
 journal = {The Journal of Finance},
 number = {2},
 pages = {773--806},
 publisher = {[American Finance Association, Wiley]},
 title = {Trading Is Hazardous to Your Wealth: The Common Stock Investment Performance of Individual Investors},
 urldate = {2023-08-16},
 volume = {55},
 year = {2000}
}
@article{hyndman_another_2006,
	title = {Another look at measures of forecast accuracy},
	volume = {22},
	issn = {0169-2070},
	url = {https://www.sciencedirect.com/science/article/pii/S0169207006000239},
	doi = {https://doi.org/10.1016/j.ijforecast.2006.03.001},
	number = {4},
	journal = {International Journal of Forecasting},
	author = {Hyndman, Rob J. and Koehler, Anne B.},
	year = {2006},
	keywords = {Forecast accuracy, Forecast error measures, Forecast evaluation, M-competition, Mean absolute scaled error},
	pages = {679--688},
}
@article{danielsson_model_2016,
	title = {Model risk of risk models},
	volume = {23},
	issn = {1572-3089},
	url = {https://www.sciencedirect.com/science/article/pii/S1572308916000231},
	doi = {https://doi.org/10.1016/j.jfs.2016.02.002},
	journal = {Journal of Financial Stability},
	author = {Danielsson, Jon and James, Kevin R. and Valenzuela, Marcela and Zer, Ilknur},
	year = {2016},
	keywords = {Basel III, Expected shortfall, Model risk, Systemic risk, Value-at-Risk},
	pages = {79--91},
}

@INPROCEEDINGS{8631923,
  author={Roy, Shaily and Nanjiba, Samiha and Chakrabarty, Amitabha},
  booktitle={2018 21st International Conference of Computer and Information Technology (ICCIT)}, 
  title={Bitcoin Price Forecasting Using Time Series Analysis}, 
  year={2018},
  volume={},
  number={},
  pages={1-5},
  doi={10.1109/ICCITECHN.2018.8631923}}

@article{doi:10.1198/016214506000001437,
author = {Tilmann Gneiting and Adrian E Raftery},
title = {Strictly Proper Scoring Rules, Prediction, and Estimation},
journal = {Journal of the American Statistical Association},
volume = {102},
number = {477},
pages = {359-378},
year  = {2007},
publisher = {Taylor & Francis},
doi = {10.1198/016214506000001437},

URL = { 
    
        https://doi.org/10.1198/016214506000001437
    
    

},
eprint = { 
    
        https://doi.org/10.1198/016214506000001437
    
    

}

}
@article{nadarajah2017inefficiency,
  title={On the inefficiency of Bitcoin},
  author={Nadarajah, Saralees and Chu, Jeffrey},
  journal={Economics Letters},
  volume={150},
  pages={6--9},
  year={2017},
  publisher={Elsevier}
}

@article{arner2015evolution,
  title={The evolution of Fintech: A new post-crisis paradigm},
  author={Arner, Douglas W and Barberis, Janos and Buckley, Ross P},
  journal={Geo. J. Int'l L.},
  volume={47},
  pages={1271},
  year={2015},
  publisher={HeinOnline}
}


% ------------------------------------------------------------------------
@book{creswell2014research,
  title={Research Design: Qualitative, Quantitative, and Mixed Methods Approaches},
  author={Creswell, J. W.},
  year={2014},
  publisher={Sage Publications}
}
@article{moghar2020stock,
  title={Stock market prediction using LSTM recurrent neural network},
  author={Moghar, Adil and Hamiche, Mhamed},
  journal={Procedia Computer Science},
  volume={170},
  pages={1168--1173},
  year={2020},
  publisher={Elsevier}
}
@article{demvsar2006statistical,
  title={Statistical comparisons of classifiers over multiple data sets},
  author={Dem{\v{s}}ar, Janez},
  journal={The Journal of Machine learning research},
  volume={7},
  pages={1--30},
  year={2006},
  publisher={JMLR. org}
}
% ------------------------------------------------------------------------
@article{tay2001application,
  title={Application of support vector machines in financial time series forecasting},
  author={Tay, Francis EH and Cao, Lijuan},
  journal={omega},
  volume={29},
  number={4},
  pages={309--317},
  year={2001},
  publisher={Elsevier}
}
@article{needham2007primer,
  title={A primer on learning in Bayesian networks for computational biology},
  author={Needham, Chris J and Bradford, James R and Bulpitt, Andrew J and Westhead, David R},
  journal={PLoS computational biology},
  volume={3},
  number={8},
  pages={e129},
  year={2007},
  publisher={Public Library of Science San Francisco, USA}
}
@article{kristoufek2015main,
  title={What are the main drivers of the Bitcoin price? Evidence from wavelet coherence analysis},
  author={Kristoufek, Ladislav},
  journal={PloS one},
  volume={10},
  number={4},
  pages={e0123923},
  year={2015},
  publisher={Public Library of Science San Francisco, CA USA}
}
@article{bao2017deep,
  title={A deep learning framework for financial time series using stacked autoencoders and long-short term memory},
  author={Bao, Wei and Yue, Jun and Rao, Yulei},
  journal={PloS one},
  volume={12},
  number={7},
  pages={e0180944},
  year={2017},
  publisher={Public Library of Science San Francisco, CA USA}
}
@article{bouri2017return,
  title={On the return-volatility relationship in the Bitcoin market around the price crash of 2013},
  author={Bouri, Elie and Azzi, Georges and Dyhrberg, Anne Haubo},
  journal={Economics},
  volume={11},
  number={1},
  pages={2},
  year={2017},
  publisher={Sciendo}
}
@article{griffin2020bitcoin,
  title={Is Bitcoin really untethered?},
  author={Griffin, John M and Shams, Amin},
  journal={The Journal of Finance},
  volume={75},
  number={4},
  pages={1913--1964},
  year={2020},
  publisher={Wiley Online Library}
}
@article{corbet2018bitcoin,
  title={Bitcoin Futures‚ÄîWhat use are they?},
  author={Corbet, Shaen and Lucey, Brian and Peat, Maurice and Vigne, Samuel},
  journal={Economics Letters},
  volume={172},
  pages={23--27},
  year={2018},
  publisher={Elsevier}
}
@article{li2020survey,
  title={A survey on the security of blockchain systems},
  author={Li, Xiaoqi and Jiang, Peng and Chen, Ting and Luo, Xiapu and Wen, Qiaoyan},
  journal={Future generation computer systems},
  volume={107},
  pages={841--853},
  year={2020},
  publisher={Elsevier}
}
@article{cong2021tokenomics,
  title={Tokenomics: Dynamic adoption and valuation},
  author={Cong, Lin William and Li, Ye and Wang, Neng},
  journal={The Review of Financial Studies},
  volume={34},
  number={3},
  pages={1105--1155},
  year={2021},
  publisher={Oxford University Press}
}
@article{chong2017deep,
  title={Deep learning networks for stock market analysis and prediction: Methodology, data representations, and case studies},
  author={Chong, Eunsuk and Han, Chulwoo and Park, Frank C},
  journal={Expert Systems with Applications},
  volume={83},
  pages={187--205},
  year={2017},
  publisher={Elsevier}
}
@inproceedings{he2019transfer,
  title={Transfer learning for financial time series forecasting},
  author={He, Qi-Qiao and Pang, Patrick Cheong-Iao and Si, Yain-Whar},
  booktitle={PRICAI 2019: Trends in Artificial Intelligence: 16th Pacific Rim International Conference on Artificial Intelligence, Cuvu, Yanuca Island, Fiji, August 26--30, 2019, Proceedings, Part II 16},
  pages={24--36},
  year={2019},
  organization={Springer}
}
@article{zohar2015bitcoin,
  title={Bitcoin: under the hood},
  author={Zohar, Aviv},
  journal={Communications of the ACM},
  volume={58},
  number={9},
  pages={104--113},
  year={2015},
  publisher={ACM New York, NY, USA}
}
@book{hull2012risk,
  title={Risk management and financial institutions,+ Web Site},
  author={Hull, John},
  volume={733},
  year={2012},
  publisher={John Wiley \& Sons}
}
@article{xu2013emr,
  title={EMR: A scalable graph-based ranking model for content-based image retrieval},
  author={Xu, Bin and Bu, Jiajun and Chen, Chun and Wang, Can and Cai, Deng and He, Xiaofei},
  journal={IEEE Transactions on knowledge and data engineering},
  volume={27},
  number={1},
  pages={102--114},
  year={2013},
  publisher={IEEE}
}
@article{guesmi2019portfolio,
  title={Portfolio diversification with virtual currency: Evidence from bitcoin},
  author={Guesmi, Khaled and Saadi, Samir and Abid, Ilyes and Ftiti, Zied},
  journal={International Review of Financial Analysis},
  volume={63},
  pages={431--437},
  year={2019},
  publisher={Elsevier}
}
@article{krauss2017deep,
  title={Deep neural networks, gradient-boosted trees, random forests: Statistical arbitrage on the S\&P 500},
  author={Krauss, Christopher and Do, Xuan Anh and Huck, Nicolas},
  journal={European Journal of Operational Research},
  volume={259},
  number={2},
  pages={689--702},
  year={2017},
  publisher={Elsevier}
}
@article{baumeister2015sign,
  title={Sign restrictions, structural vector autoregressions, and useful prior information},
  author={Baumeister, Christiane and Hamilton, James D},
  journal={Econometrica},
  volume={83},
  number={5},
  pages={1963--1999},
  year={2015},
  publisher={Wiley Online Library}
}
@article{sirignano2019universal,
  title={Universal features of price formation in financial markets: perspectives from deep learning},
  author={Sirignano, Justin and Cont, Rama},
  journal={Quantitative Finance},
  volume={19},
  number={9},
  pages={1449--1459},
  year={2019},
  publisher={Taylor \& Francis}
}
@inproceedings{phillips2017predicting,
  title={Predicting cryptocurrency price bubbles using social media data and epidemic modelling},
  author={Phillips, Ross C and Gorse, Denise},
  booktitle={2017 IEEE symposium series on computational intelligence (SSCI)},
  pages={1--7},
  year={2017},
  organization={IEEE}
}
@article{hendershott2011does,
  title={Does algorithmic trading improve liquidity?},
  author={Hendershott, Terrence and Jones, Charles M and Menkveld, Albert J},
  journal={The Journal of finance},
  volume={66},
  number={1},
  pages={1--33},
  year={2011},
  publisher={Wiley Online Library}
}
@article{bahnsen2015example,
  title={Example-dependent cost-sensitive decision trees},
  author={Bahnsen, Alejandro Correa and Aouada, Djamila and Ottersten, Bj{\"o}rn},
  journal={Expert Systems with Applications},
  volume={42},
  number={19},
  pages={6609--6619},
  year={2015},
  publisher={Elsevier}
}
@misc{noauthor_bitcoins_nodate,
	title = {Bitcoin's {Price} {History}},
	url = {https://www.investopedia.com/articles/forex/121815/bitcoins-price-history.asp},
	abstract = {Bitcoin's price history has been volatile. Learn about the currency's significant spikes and crashes, plus its major price influencers.},
	language = {en},
	urldate = {2023-08-19},
	journal = {Investopedia},
	file = {Snapshot:C\:\\Users\\rushi\\Zotero\\storage\\6FGN7Z2F\\bitcoins-price-history.html:text/html},
}



% --------------------------------------------------------------------------





% ------------------------------------------------------------------------




% ------------------------------------------------------------------------
